<record><leader>00000cas a2200000 a 4500</leader><controlfield tag="001">9360499</controlfield><controlfield tag="008">830330d18861951miuwr ne      0    0eng c</controlfield><datafield ind1=" " ind2=" " tag="010"><subfield code="a">sn 83025275 </subfield></datafield><datafield ind1=" " ind2=" " tag="040"><subfield code="a">NPV</subfield><subfield code="b">eng</subfield><subfield code="c">NPV</subfield><subfield code="d">MHN</subfield><subfield code="d">CVF</subfield><subfield code="d">MHN</subfield><subfield code="d">OCL</subfield><subfield code="d">OCLCQ</subfield><subfield code="d">OCLCF</subfield><subfield code="d">OCLCO</subfield></datafield><datafield ind1=" " ind2=" " tag="042"><subfield code="a">pcc</subfield></datafield><datafield ind1=" " ind2=" " tag="043"><subfield code="a">n-us-mi</subfield></datafield><datafield ind1=" " ind2=" " tag="045"><subfield code="a">w8x-</subfield></datafield><datafield ind1=" " ind2=" " tag="052"><subfield code="a">4113</subfield><subfield code="b">M33</subfield></datafield><datafield ind1="0" ind2=" " tag="130"><subfield code="a">Iron ore (Ishpeming, Mich.)</subfield></datafield><datafield ind1="1" ind2="0" tag="245"><subfield code="a">Iron ore.</subfield></datafield><datafield ind1=" " ind2=" " tag="260"><subfield code="a">Ishpeming, Mich. :</subfield><subfield code="b">George A. Newett,</subfield><subfield code="c">1886-</subfield></datafield><datafield ind1=" " ind2=" " tag="300"><subfield code="a">v.</subfield></datafield><datafield ind1=" " ind2=" " tag="310"><subfield code="a">Weekly</subfield></datafield><datafield ind1="0" ind2=" " tag="362"><subfield code="a">Vol. 8, no. 1 (Sept. 18, 1886)- = Whole no. 365-</subfield></datafield><datafield ind1="1" ind2=" " tag="362"><subfield code="a">Ceased in 1951.</subfield></datafield><datafield ind1=" " ind2=" " tag="525"><subfield code="a">Supplements accompany some issues.</subfield></datafield><datafield ind1=" " ind2="0" tag="651"><subfield code="a">Ishpeming (Mich.)</subfield><subfield code="v">Newspapers.</subfield></datafield><datafield ind1=" " ind2="0" tag="651"><subfield code="a">Marquette County (Mich.)</subfield><subfield code="v">Newspapers.</subfield></datafield><datafield ind1=" " ind2="7" tag="655"><subfield code="a">Newspapers.</subfield><subfield code="2">fast</subfield><subfield code="0">(OCoLC)fst01423814</subfield></datafield><datafield ind1=" " ind2="7" tag="651"><subfield code="a">Michigan</subfield><subfield code="z">Ishpeming.</subfield><subfield code="2">fast</subfield><subfield code="0">(OCoLC)fst01231534</subfield></datafield><datafield ind1=" " ind2="7" tag="651"><subfield code="a">Michigan</subfield><subfield code="z">Marquette County.</subfield><subfield code="2">fast</subfield><subfield code="0">(OCoLC)fst01213518</subfield></datafield><datafield ind1=" " ind2=" " tag="752"><subfield code="a">United States</subfield><subfield code="b">Michigan</subfield><subfield code="c">Marquette</subfield><subfield code="d">Ishpeming.</subfield></datafield><datafield ind1="0" ind2="0" tag="780"><subfield code="t">Iron agitator</subfield><subfield code="w">(DLC)sn 83025254</subfield><subfield code="w">(OCoLC)9356132</subfield></datafield><datafield ind1="1" ind2="7" tag="785"><subfield code="t">Reflector (Ishpeming, Mich.)</subfield><subfield code="w">(DLC)sn 86086912</subfield><subfield code="w">(OCoLC)15024927</subfield></datafield><datafield ind1="1" ind2="7" tag="785"><subfield code="t">Iron ore and reflector</subfield><subfield code="w">(DLC)sn 86086913</subfield><subfield code="w">(OCoLC)15025032</subfield></datafield></record>